@article{RN165,
   author = {Shi, Jianbo and Malik, Jitendra},
   title = {Normalized cuts and image segmentation},
   journal = {IEEE Transactions on pattern analysis and machine intelligence},
   volume = {22},
   number = {8},
   pages = {888-905},
   ISSN = {0162-8828},
   year = {2000},
   type = {Journal Article}
}

@article{RN212,
   author = {Palmer, Stephen E},
   title = {Perceptual Organization in Vision},
   journal = {Stevens' Handbook of Experimental Psychology},
   year = {2002},
   type = {Journal Article}
}

@article{kimchi2015perception,
  title={The perception of hierarchical structure},
  author={Kimchi, Ruth},
  journal={Oxford handbook of perceptual organization},
  pages={129--149},
  year={2015}
}

@article{smith2018small,
  title={Small is beautiful: In defense of the small-N design},
  author={Smith, Philip L and Little, Daniel R},
  journal={Psychonomic bulletin \& review},
  volume={25},
  number={6},
  pages={2083--2101},
  year={2018},
  publisher={Springer}
}
